<?xml version="1.0" encoding="UTF-8"?><collection xmlns="http://www.loc.gov/MARC21/slim"><record><leader>00439nam--2200121-i-4500</leader><controlfield tag="001">000020138</controlfield><controlfield tag="002">20161230</controlfield><controlfield tag="005">20161230201033</controlfield><controlfield tag="008">060222s1000------------r-----000-0-eng-d</controlfield><datafield ind1=" " ind2=" " tag="080"><subfield code="a">539.124.172:548.74</subfield></datafield><datafield ind1=" " ind2=" " tag="245"><subfield code="a">I-electron diffraction. ii-the nature of defects in crystals.abstracts of papers presented at an international conference, melbourne, australia, 16-21 august ,1965</subfield></datafield><datafield ind1=" " ind2=" " tag="260"><subfield code="a">Oxford, Pergamon Press, 1966./P.Dif.</subfield></datafield><datafield ind1=" " ind2=" " tag="852"><subfield code="a">25072</subfield></datafield></record></collection>